@article{ismrm_2018_1,
	Author = {\textbf{M D Blackledge} and Koh, D M and Collins, D J and Orton, M R and Scurr, E and Hughes, J and Parker, C and Leach, M O and Tunariu, N},
	Journal = {ISMRM, Paris, France (accepted)},
 	Title = {Tracking the evolution of individual prostate cancer metastases in patients under the selective pressure of Radium-223 treatment using whole-body radiomics},
	Year = {2018}}

@article{ismrm_2017_1,
	Author = {\textbf{M D Blackledge} and Koh, D M and Collins, D J and Scurr, E and Hughes, J and Leach, M O and Parker, C and Tunariu, N},
	Journal = {ISMRM, Hawaii, USA},
 	Title = {Assessing Response Heterogeneity Following Radium 223 Administration Using Whole Body Diffusion Weighted {MRI}},
	Year = {2017}}
	
@article{ismrm_2017_2,
	Author = {\textbf{M D Blackledge} and Zormpas-Petridis, K and Heindl, A and Motsue, S A and Yuan, Y and Koh, D M and Collins, D J and Jamin, Y and Bathen, T F and Leach, M O and Hill D},
	Journal = {ISMRM, Hawaii, USA},
 	Title = {Histology-Derived Pseudo-{ADC} Correlates with Measured {ADC} and Extranuclear Space in a Transgenic Model of Prostate Cancer, Identifying Contribution of Luminal Space to Measured {ADC}},
	Year = {2017}}
	
@article{ismrm_2017_3,
	Author = {\textbf{M D Blackledge} and Winfield, J and Miah, Aisha and Strauss, D and Thway, K and Morgan, V and Collins, D J and Koh, D M and Leach, M O and Messiou, C},
	Journal = {ISMRM, Hawaii, USA},
 	Title = {Supervised Machine-Learning Enables Segmentation and Evaluation of Heterogeneous Post-Treatment Changes in Multi-Parametric {MRI} of Soft-Tissue Sarcoma},
	Year = {2017}}

@article{ismrm_2016_1,
	Author = {\textbf{M D Blackledge} and Tunariu, N and Ahmed, Z and Hughes, J and Perez-Lopez, R and Koh, D M and Collins, D J and Leach, M O },
	Journal = {ISMRM, Singapore},
 	Title = {Noise-Corrected Exponential {DWI} Using Multi-Acquisition MRI Facilitates Quantitative Evaluation of Whole-Body Skeletal Tumour Burden in Patients with Metastatic Prostate Cancer},
	Year = {2016}}
	
@article{ismrm_2016_2,
	Author = {\textbf{M D Blackledge} and Messiou, C and Winfield J and Koh, D M and Collins, D J and Leach, M O},
	Journal = {ISMRM, Singapore},
 	Title = {Fractional Enhancement Metric Improves SNR and Visualisation of Quantitative Two-Point Contrast-Enhanced {MRI} in Retroperitoneal Sarcoma},
	Year = {2016}}
	
@article{ismrm_2016_3,
	Author = {Hill, D K and Heindl, A and Nava Rodrigues, D and Størkersen, Ø and Yuan, Y and Motsue, S A and Leach, M O and Bathen, T F and Collins, D J and \textbf{M D Blackledge}},
	Journal = {ISMRM, Singapore},
 	Title = {Exploring the Relationship between {MR}-derived Apparent Diffusion Coefficient and Tissue Cellularity: {A} Preliminary Animal Study in Cancer},
	Year = {2016}}
	
@article{ismrm_2015_1,
	Author = {Mason, S A and Tunariu, N and Koh, D M and Collins, D J and Leach M O and \textbf{M D Blackledge}},
	Journal = {ISMRM, Toronto, Canada},
 	Title = {Mean-Shift Clustering for Assessing Response Heterogeneity in Bone Metastases},
	Year = {2015}}
	
@article{ismrm_2015_2,
	Author = {Hill, D K and Heindl, A and Nava Rodrigues, D and Størkersen, Ø and Motsue, S A and Leach, M O and Bathen, T F and Collins, D J and \textbf{M D Blackledge}},
	Journal = {ISMRM workshop, Boston, USA},
 	Title = {Exploring the Relationship between {MR}-derived Apparent Diffusion Coefficient and Tissue Cellularity: {A} Preliminary Animal Study in Cancer},
	Year = {2015}}
	
@article{ismrm_2014_1,
	Author = {Rata, M and Tunariu, N and Koh, D M and Kaye, S and George, A and Leach, M O and Collins, D J and \textbf{M D Blackledge}},
	Journal = {ISMRM, Milan, Italy},
 	Title = {Characterisation of Tumour Heterogeneity for Serial Response Assessment},
	Year = {2014}}
	
@article{ismrm_2013_1,
	Author = {Rata, M and Tunariu, N and Koh, D M and deBono, J S and Leach, M O and Collins, D J and \textbf{M D Blackledge}},
	Journal = {ISMRM, Salt Lake City, USA},
 	Title = {Whole Body Quantitative, Multi-Parametric Characterisation of Tumour Heterogeneity for Response Evaluation},
	Year = {2013}}
	
@article{ismrm_2013_2,
	Author = {\textbf{M D Blackledge} and Tunariu, N and Collins, D J and Padhani, A R and Leach, M O and Koh, D M},
	Journal = {ISMRM, Salt Lake City, USA},
 	Title = {The Effects of Region of Interest Errors on Estimates of Whole-Body Tumour Volume and {ADC} in Patients with Bone Metastases},
	Year = {2013}}
	
@article{ismrm_2012_1,
	Author = {\textbf{M D Blackledge} and Koh, D M and Padhani, A R and Stirling, J J and Taylor, N J and Collins, D J and Leach, M O},
	Journal = {ISMRM, Melbourne, Australia},
 	Title = {The Feasibility of Evaluating Treatment Response of Bone Metastases by segmenting tumor diffusion volumes to estimate total disease burden on whole body diffusion-weighted imaging},
	Year = {2012}}
	
@article{ismrm_2012_2,
	Author = {\textbf{M D Blackledge} and Tunariu, N and Collins, D J and Leach, M O and Koh, D M},
	Journal = {ISMRM, Melbourne, Australia},
 	Title = {Segmented total disease volume and associated apparent diffusion coefficient on whole body diffusion-weighted {MRI} show good interobserver agreement},
	Year = {2012}}
	
@article{ismrm_2012_3,
	Author = {\textbf{M D Blackledge} and Koh, D M and Orton, M R and Collins, D J and Leach, M O},
	Journal = {ISMRM, Melbourne, Australia},
 	Title = {A Fast and Simple Post-Processing Procedure for the Correction of Mis-Registration Between Sequentially Acquired Stations in Whole-Body Diffusion Weighted {MRI}},
	Year = {2012}}
	
@article{PSMR_2012,
	Author = {\textbf{M D Blackledge} and Koh, D M and Orton, M R and Collins, D J and Leach, M O},
	Journal = {PSMR, Elba Italy},
 	Title = {The utility of whole-body diffusion-weighted {MRI} for delineating regions of interest in {PET PET/MR} and {SPECT/MR}},
	Year = {2012}}
	
@article{ismrm_2011_1,
	Author = {\textbf{M D Blackledge} and Brown, D and Wallace, T and Tunariu, N and Leach, M O and Koh, D M and Collins, D J},
	Journal = {ISMRM, Montreal, Canada},
 	Title = {Improved Morphological Information using the Dixon Technique in Conjunction with {DWI} for Detection of Bone Metastases},
	Year = {2011}}
	
@article{ismrm_2011_2,
	Author = {\textbf{M D Blackledge} and Tunariu, N and Collins, D J and Leach, M O and Koh, D M},
	Journal = {ISMRM, Montreal, Canada},
 	Title = {Improved Diagnostic Accuracy of Whole Body Diffusion Weighted {MRI} using Computed Imaging},
	Year = {2011}}
	
@article{ismrm_2011_3,
	Author = {\textbf{M D Blackledge} and Koh, D M and Padhani, A R and Stirling, J J and Taylor, N J and Collins, D J and Leach, M O},
	Journal = {ISMRM, Montreal, Canada},
 	Title = {Semi-Automatic Segmentation of Bony Lesions from Diffusion Weighted MRI to Assess Disease Burden and Quantify Response using Markov Random Fields},
	Year = {2011}}
	
@article{ismrm_2010_1,
	Author = {\textbf{M D Blackledge} and Koh, D M and Padhani, A R and Stirling, J J and Taylor, N J and Collins, D J and Leach, M O},
	Journal = {ISMRM, Stokholm, Sweden},
 	Title = {Assessing the Advantages of Whole Body Diffusion Tensor Imaging for Screening of Bone Metastases},
	Year = {2010}}
	
@article{ismrm_2010_2,
	Author = {\textbf{M D Blackledge} and Higgins, D and Koh, D M and deSouza, N M and Leach, M O and Collins, D J},
	Journal = {ISMRM, Stokholm, Sweden},
 	Title = {Combinatorial Fat Suppression for Diffusion Weighted Imaging at 3.0{T}},
	Year = {2010}}
	
@article{ismrm_2010_3,
	Author = {\textbf{M D Blackledge} and Collins, D J and Koh, D M and Leach, M O},
	Journal = {ISMRM, Stokholm, Sweden},
 	Title = {Signal to Noise Ratio of High B-Value Diffusion Weighted Images Is Improved Using Computed Diffusion Weighted Imaging},
	Year = {2010}}
	
@article{ismrm_2009_1,
	Author = {\textbf{M D Blackledge} and Collins, D J and Koh, D M and Leach, M O},
	Journal = {ISMRM, Hawaii, USA},
 	Title = {Accuracy of Liver Tumour Apparent Diffusion Coefficients ({ADC}) Can Be Improved by Selecting Optimised b-Values},
	Year = {2009}}
	
@article{ismrm_2009_2,
	Author = {\textbf{M D Blackledge} and Wilton, B and Messiou, C and Koh, D M and Leach, M O and Collins, D J},
	Journal = {ISMRM, Hawaii, USA},
 	Title = {Computed Diffusion Weighted Imaging (c{DWI}) for Improving Imaging Contrast},
	Year = {2009}}