@article{Koh2009,
   author = {Koh, D M and \textbf{M D Blackledge} and Collins, D J and Padhani, A R and Wallace, T and Wilton, B and Taylor, N J and Stirling, J J and Sinha, R and Walicke, P and Leach, M O and Judson, I and Nathan, P},
   issue = {11},
   journal = {European Radiology},
   pages = {2728-2738},
   title = {Reproducibility and changes in the apparent diffusion coefficients of solid tumours treated with combretastatin A4 phosphate and bevacizumab in a two-centre phase I clinical trial},
   volume = {19},
   year = {2009},
}
@article{Kyriazi2010,
   author = {Kyriazi, S and \textbf{M D Blackledge} and Collins, D J and Desouza, N M},
   issue = {10},
   journal = {European Radiology},
   pages = {2422-2431},
   title = {Optimising diffusion-weighted imaging in the abdomen and pelvis: Comparison of image quality between monopolar and bipolar single-shot spin-echo echo-planar sequences},
   volume = {20},
   year = {2010},
}
@article{Blackledge2011,
   author = {\textbf{M D Blackledge} and Leach, M O and Collins, D J and Koh, D M},
   issue = {2},
   journal = {Radiology},
   pages = {573-581},
   title = {Computed diffusion-weighted MR imaging may improve tumor detection},
   volume = {261},
   year = {2011},
}
@article{Koh2012_1,
   author = {Koh, D M and \textbf{M D Blackledge} and Padhani, A R and Takahara, T and Kwee, T C and Leach, M O and Collins, D J},
   issue = {2},
   journal = {American Journal of Roentgenology},
   pages = {252-262},
   title = {Whole-body diffusion-weighted mri: Tips, tricks, and pitfalls},
   volume = {199},
   year = {2012},
}
@article{Koh2012,
   author = {Koh, D M and \textbf{M D Blackledge} and Burns, S and Hughes, J and Stemmer, A and Kiefer, B and Leach, M O and Collins, D J},
   issue = {12},
   journal = {European Radiology},
   pages = {2648-2653},
   title = {Combination of chemical suppression techniques for dual suppression of fat and silicone at diffusion-weighted MR imaging in women with breast implants},
   volume = {22},
   year = {2012},
}
@article{Andreou2013,
   author = {Andreou, A and Koh, D M and Collins, D J and \textbf{M D Blackledge} and Wallace, T and Leach, M O and Orton, M R},
   issue = {2},
   journal = {European Radiology},
   pages = {428-434},
   publisher = {Springer Verlag},
   title = {Measurement reproducibility of perfusion fraction and pseudodiffusion coefficient derived by intravoxel incoherent motion diffusion-weighted MR imaging in normal liver and metastases},
   volume = {23},
   year = {2013},
}
@article{Blackledge2013,
   author = {\textbf{M D Blackledge} and Koh, D M and Collins, D J and Chua, S and Leach, M O},
   journal = {Nuclear Instruments and Methods in Physics Research, Section A: Accelerators, Spectrometers, Detectors and Associated Equipment},
   pages = {148-151},
   publisher = {Elsevier B.V.},
   title = {The utility of whole-body diffusion-weighted MRI for delineating regions of interest in PET},
   volume = {702},
   year = {2013},
}
@article{Blackledge2014,
   author = {\textbf{M D Blackledge} and Collins, D J and Tunariu, N and Orton, M R and Padhani, A R and Leach, M O and Koh, D M},
   issue = {4},
   journal = {PLOS ONE},
   pages = {e91779},
   publisher = {Public Library of Science},
   title = {Assessment of Treatment Response by Total Tumor Volume and Global Apparent Diffusion Coefficient Using Diffusion-Weighted MRI in Patients with Metastatic Bone Disease: A Feasibility Study},
   volume = {9},
   year = {2014},
}
@article{Cheng2015,
   author = {Cheng, L and Tunariu, N and Collins, D J and \textbf{M D Blackledge} and Riddell, A M and Leach, M O and Popat, S and Koh, D M},
   issue = {3},
   journal = {Lung Cancer},
   pages = {433-441},
   publisher = {Elsevier Ireland Ltd},
   title = {Response evaluation in mesothelioma: Beyond RECIST},
   volume = {90},
   year = {2015},
}
@article{Koh2016,
   author = {Koh, D M and Lee, J M and Bittencourt, L K and \textbf{M D Blackledge} and Collins, D J},
   issue = {1},
   journal = {Magnetic Resonance Imaging Clinics of North America},
   pages = {31-44},
   publisher = {W.B. Saunders},
   title = {Body Diffusion-weighted MR Imaging in Oncology. Imaging at 3 T.},
   volume = {24},
   year = {2016},
}
@article{Blackledge2016_2,
   author = {\textbf{M D Blackledge} and Collins, D J and Koh, D M and Leach, M O},
   journal = {Computers in Biology and Medicine},
   pages = {203-212},
   publisher = {Pergamon},
   title = {Rapid development of image analysis research tools: Bridging the gap between researcher and clinician with pyOsiriX},
   volume = {69},
   year = {2016},
}
@article{Blackledge2016_1,
   author = {\textbf{M D Blackledge} and Tunariu, N and Orton, M R and Padhani, A R and Collins, D J and Leach, M O and Koh, D M},
   issue = {4},
   journal = {PLOS ONE},
   pages = {e0153840},
   publisher = {Public Library of Science},
   title = {Inter- and Intra-Observer Repeatability of Quantitative Whole-Body, Diffusion-Weighted Imaging (WBDWI) in Metastatic Bone Disease},
   volume = {11},
   year = {2016},
}
@article{oflynn2016,
   author = {O'Flynn, E A M and \textbf{M D Blackledge} and Collins, D J and Downey, K and Doran, S J and Patel, H and Dumonteil, S and Mok, W and Leach, M O and Koh, D M},
   issue = {1},
   journal = {Journal of Magnetic Resonance Imaging},
   pages = {130-137},
   publisher = {John Wiley & Sons, Ltd},
   title = {Evaluating the diagnostic sensitivity of computed diffusion-weighted MR imaging in the detection of breast cancer},
   volume = {44},
   year = {2016},
}
@article{lopez2016,
   author = {Perez-Lopez, R and Lorente, D and \textbf{M D Blackledge} and Collins, D J and Mateo, J and Bianchini, D and Omlin, A and Zivi, A and Leach, M O and De Bono, J S and Koh, D M and Tunariu, N},
   issue = {1},
   journal = {Radiology},
   pages = {151-160},
   publisher = {Radiological Society of North America Inc.},
   title = {Volume of bone metastasis assessed with whole-Body Diffusion-weighted imaging is associated with overall survival in metastatic castrationresistant prostate cancer},
   volume = {280},
   year = {2016},
}
@article{Cheng2016,
   author = {Cheng, L and \textbf{M D Blackledge} and Collins, D J and Orton, M R and Jerome, N P and Feiweier, T and Rata, M and Morgan, V and Tunariu, N and Leach, M O and Koh, D M},
   journal = {Computers in Biology and Medicine},
   pages = {92-98},
   publisher = {Elsevier Ltd},
   title = {T2-adjusted computed diffusion-weighted imaging: A novel method to enhance tumour visualisation},
   volume = {79},
   year = {2016},
}
@article{Blackledge2016f,
   author = {\textbf{M D Blackledge} and Rata, M and Tunariu, N and Koh, D M and George, A and Zivi, A and Lorente, D and Attard, G and De Bono, J S and Leach, M O and Collins, D J},
   issue = {4},
   journal = {Journal of Algorithms and Computational Technology},
   pages = {290-301},
   title = {Visualizing whole-body treatment response heterogeneity using multi-parametric magnetic resonance imaging},
   volume = {10},
   year = {2016},
}

@article{lopez2017,
   author = {Perez-Lopez, R and Mateo, J and Mossop, H and \textbf{M D Blackledge} and Collins, D J and Rata, M and Morgan, V A and Macdonald, A and Sandhu, S and Lorente, D and Rescigno, P and Zafeiriou, Z and Bianchini, D and Porta, N and Hall, E and Leach, M O and De Bono, J S and Koh, D M and Tunariu, N},
   issue = {1},
   journal = {Radiology},
   pages = {168-177},
   publisher = {Radiological Society of North America Inc.},
   title = {Diffusion-weighted imaging as a treatment response biomarker for evaluating bone metastases in prostate cancer: A pilot study},
   volume = {283},
   year = {2017},
}
@article{Winfield2017,
   author = {Winfield, J M and Tunariu, N and Rata, M and Miyazaki, K and Jerome, N P and Germuska, M and \textbf{M D Blackledge} and Collins, D J and De Bono, J S and Yap, T A and Desouza, N M and Doran, S J and Koh, D M and Leach, M O and Messiou, C and Orton, M R},
   issue = {1},
   journal = {Radiology},
   pages = {88-99},
   publisher = {Radiological Society of North America Inc.},
   title = {Extracranial soft-tissue tumors: Repeatability of apparent diffusion coefficient estimates from diffusion-weighted MR imaging},
   volume = {284},
   year = {2017},
}
@article{Weller2017,
   author = {Weller, A and Papoutsaki, M V and Waterton, J C and Chiti, A and Stroobants, S and Kuijer, J and \textbf{M D Blackledge} and Morgan, V and Desouza, N M},
   issue = {11},
   journal = {European Radiology},
   pages = {4552-4562},
   publisher = {Springer Verlag},
   title = {Diffusion-weighted (DW) MRI in lung cancers: ADC test-retest repeatability},
   volume = {27},
   year = {2017},
}
@article{Morone2017,
   author = {Morone, M and Bali, M A and Tunariu, N and Messiou, C and \textbf{M D Blackledge} and Grazioli, L and Koh, D M},
   issue = {6},
   journal = {https://doi.org/10.2214/AJR.17.17984},
   keywords = {diffusion,oncology,whole-body MRI},
   pages = {W336-W349},
   publisher = { American Roentgen Ray Society },
   title = {Whole-Body MRI: Current Applications in Oncology},
   volume = {209},
   year = {2017},
}
@article{Hill2017,
   author = {Hill, D K and Heindl, A and Zormpas-Petridis, K and Collins, D J and Euceda, L R and Rodrigues, D N and Moestue, S A and Jamin, Y and Koh, D M and Yuan, Y and Bathen, T F and Leach, M O and \textbf{M D Blackledge}},
   journal = {Frontiers in Oncology},
   pages = {290},
   publisher = {Frontiers Media S.A.},
   title = {Non-invasive prostate cancer characterization with diffusion-weighted MRI: Insight from in silico studies of a transgenic mouse model},
   volume = {7},
   year = {2017},
}
@article{Barnes2018,
   author = {Barnes, A and Alonzi, R and \textbf{M D Blackledge} and Charles-Edwards, G and Collins, D J and Cook, G and Coutts, G and Goh, V and Graves, M and Kelly, C and Koh, D M and Mccallum, H and Miquel, M E and O'Connor, J P B and Padhani, A R and Pearson, R and Priest, A and Rockall, A and Stirling, J and Taylor, S and Tunariu, N and Van Der Meulen, J and Walls, D and Winfield, J M and Punwani, S},
   issue = {1081},
   journal = {British Journal of Radiology},
   publisher = {British Institute of Radiology},
   title = {Guidelines and recommendations: UK quantitative WB-DWI technical workgroup: Consensus meeting recommendations on optimisation, quality control, processing and analysis of quantitative whole-body diffusion-weighted imaging for cancer},
   volume = {91},
   year = {2018},
}
@article{Winfield2018,
   author = {Winfield, J M and Poillucci, G and \textbf{M D Blackledge} and Collins, D J and Shah, V and Tunariu, N and Kaiser, M F and Messiou, C},
   issue = {4},
   journal = {European Radiology},
   pages = {1687-1691},
   publisher = {Springer Verlag},
   title = {Apparent diffusion coefficient of vertebral haemangiomas allows differentiation from malignant focal deposits in whole-body diffusion-weighted MRI},
   volume = {28},
   year = {2018},
}
@article{Donners2018,
   author = {Donners, R and \textbf{M D Blackledge} and Tunariu, N and Messiou, C and Merkle, E M and Koh, D M},
   issue = {4},
   journal = {Magnetic Resonance Imaging Clinics of North America},
   pages = {479-494},
   publisher = {W.B. Saunders},
   title = {Quantitative Whole-Body Diffusion-Weighted MR Imaging},
   volume = {26},
   year = {2018},
}
@article{Messiou2019,
   author = {Messiou, C and Hillengass, J and Delorme, S and Lecouvet, F E and Moulopoulos, L A and Collins, D J and \textbf{M D Blackledge} and Abildgaard, N and Østergaard, B and Schlemmer, H P and Landgren, O and Asmussen, J T and Kaiser, M F and Padhani, A R},
   issue = {1},
   journal = {Radiology},
   pages = {5-13},
   publisher = {Radiological Society of North America Inc.},
   title = {Guidelines for acquisition, interpretation, and reporting of whole-body MRI in myeloma: Myeloma response assessment and diagnosis system (MY-RADS)},
   volume = {291},
   year = {2019},
}
@article{petridis2019,
   author = {Zormpas-Petridis, K and Jerome, N P and \textbf{M D Blackledge} and Carceller, F and Poon, E and Clarke, M and McErlean, C M and Barone, G and Koers, A and Vaidya, S J and Marshall, L V and Pearson, A D J and Moreno, L and Anderson, J and Sebire, N and McHugh, K and Koh, D M and Yuan, Y and Chesler, L and Robinson, S P and Jamin, Y},
   issue = {11},
   journal = {Cancer Research},
   pages = {2978-2991},
   publisher = {American Association for Cancer Research Inc.},
   title = {MRI imaging of the hemodynamic vasculature of neuroblastoma predicts response to antiangiogenic treatment},
   volume = {79},
   year = {2019},
}
@article{Blackledge2019,
   author = {\textbf{M D Blackledge} and Winfield, J M and Miah, A B and Strauss, D K and Thway, K and Morgan, V A and Collins, D J and Koh, D M and Leach, M O and Messiou, C},
   journal = {Frontiers in Oncology},
   pages = {941},
   publisher = {Frontiers Media S.A.},
   title = {Supervised machine-learning enables segmentation and evaluation of heterogeneous post-treatment changes in multi-parametric mri of soft-tissue sarcoma},
   volume = {9},
   year = {2019},
}
@article{Keeling2020,
   author = {Keeling, A and O'Connor, S and Boyd, K and Kaiser, M F and \textbf{M D Blackledge} and Koh, D M and Messiou, C},
   issue = {4},
   journal = {J Radiol Imaging},
   pages = {25-29},
   title = {Lack of clinically meaningful anatomical variations in bone marrow apparent diffusion coefficient in diffuse pattern myeloma allows untargeted sampling to confirm disease burden},
   volume = {4},
   year = {2020},
}
@article{Blackledge2020,
   author = {\textbf{M D Blackledge} and Tunariu, N and Zugni, F and Holbrey, R and Orton, M R and Ribeiro, A and Hughes, J C and Scurr, E D and Collins, D J and Leach, M O and Koh, D M},
   journal = {Frontiers in Oncology},
   pages = {704},
   publisher = {Frontiers Media S.A.},
   title = {Noise-Corrected, Exponentially Weighted, Diffusion-Weighted MRI (niceDWI) Improves Image Signal Uniformity in Whole-Body Imaging of Metastatic Prostate Cancer},
   volume = {10},
   year = {2020},
}
@article{Kaiser2020,
   author = {Kaiser, M F and Boyd, K and Koh, D M and Rata, M and \textbf{M D Blackledge} and Messiou, C},
   issue = {1},
   journal = {EJHaem},
   pages = {361},
   publisher = {Wiley-Blackwell},
   title = {Improving real-world myeloma patient access to whole body MRI through “open‐access” knowledge sharing: The UK experience},
   volume = {1},
   year = {2020},
}
@article{petridis2021_1,
   author = {Zormpas-Petridis, K and Poon, E and Clarke, M and Jerome, N P and Boult, J K R and \textbf{M D Blackledge} and Carceller, F and Koers, A and Barone, G and Pearson, A D J and Moreno, L and Anderson, J and Sebire, N and McHugh, K and Koh, D M and Chesler, L and Yuan, Y and Robinson, S P and Jamin, Y},
   issue = {16},
   journal = {Cancer Research},
   pages = {3424-3435},
   publisher = {American Association for Cancer Research Inc.},
   title = {Noninvasive MRI native T1 mapping detects response to MYCN-targeted therapies in the Th-MYCN model of neuroblastoma},
   volume = {80},
   year = {2021},
}
@article{Tunariu2020,
   author = {Tunariu, N and \textbf{M D Blackledge} and Messiou, C and Petralia, G and Padhani, A R and Curcean, S and Curcean, A and Koh, D M},
   issue = {1115},
   journal = {British Journal of Radiology},
   publisher = {British Institute of Radiology},
   title = {What's new for clinical whole-body MRI (WB-MRI) in the 21st century},
   volume = {93},
   year = {2020},
}
@article{Croft2020,
   author = {Croft, J and Riddell, A and Koh, D M and Downey, K and \textbf{M D Blackledge} and Usher, M and Boyd, K and Kaiser, M F and Messiou, C},
   issue = {1},
   journal = {Cancer Imaging},
   keywords = {Bone disease,Diffusion weighted imaging,Inter-observer agreement,MRI,Magnetic resonance imaging,Multiple myeloma},
   pages = {1-7},
   publisher = {BioMed Central},
   title = {Inter-observer agreement of baseline whole body MRI in multiple myeloma},
   volume = {20},
   year = {2020},
}
@article{Barwick2021,
   author = {Barwick, T and Orton, M R and Kaiser, M F Koh, D M and Rockall, A and Tunariu, N and \textbf{M D Blackledge} and Messiou, C},
   issue = {1120},
   journal = {British Journal of Radiology},
   publisher = {British Institute of Radiology},
   title = {Repeatability and reproducibility of apparent diffusion coefficient and fat fraction measurement of focal myeloma lesions on whole body magnetic resonance imaging},
   volume = {94},
   year = {2021},
}
@article{petridis2021,
   author = {Zormpas-Petridis, K and Tunariu, N and Curcean, A and Messiou, C and Curcean, S and Collins, D J and Hughes, J C and Jamin, Y and Koh, D M and \textbf{M D Blackledge}},
   issue = {5},
   journal = {Radiology: Artificial Intelligence},
   publisher = {Radiological Society of North America Inc.},
   title = {Accelerating whole-body diffusion-weighted mri with deep learning-based denoising image filters},
   volume = {3},
   year = {2021},
}
@article{Kalantar2021,
   author = {Kalantar, R and Lin, G and Winfield, J M and Messiou, C and Lalondrelle, S and \textbf{M D Blackledge} and Koh, D M},
   issue = {11},
   journal = {Diagnostics},
   publisher = {MDPI},
   title = {Automatic segmentation of pelvic cancers using deep learning: State-of-the-art approaches and challenges},
   volume = {11},
   year = {2021},
}
@article{Kalantar2021_1,
   author = {Kalantar, R and Messiou, C and Winfield, J M and Renn, A and Latifoltojar, A and Downey, K and Sohaib, A and Lalondrelle, S and Koh, D M and \textbf{M D Blackledge}},
   journal = {Frontiers in Oncology},
   pages = {3006},
   publisher = {Frontiers Media S.A.},
   title = {CT-Based Pelvic T1-Weighted MR Image Synthesis Using UNet, UNet++ and Cycle-Consistent Generative Adversarial Network (Cycle-GAN)},
   volume = {11},
   year = {2021},
}
@article{Donners2021_1,
   author = {Donners, R and Yiin, R S Z and Koh, D M and De Paepe, K and Chau, I and Chua, S and \textbf{M D Blackledge}},
   issue = {8},
   journal = {Quantitative Imaging in Medicine and Surgery},
   pages = {3549},
   publisher = {AME Publications},
   title = {Whole-body diffusion-weighted MRI in lymphoma—comparison of global apparent diffusion coefficient histogram parameters for differentiation of diseased nodes of lymphoma patients from normal lymph nodes of healthy individuals},
   volume = {11},
   year = {2021},
}
@article{Winfield2021,
   author = {Winfield, J M and \textbf{M D Blackledge} and Tunariu, N and Koh, D M and Messiou, C},
   issue = {10},
   journal = {Clinical Radiology},
   pages = {715-727},
   publisher = {W.B. Saunders},
   title = {Whole-body MRI: a practical guide for imaging patients with malignant bone disease},
   volume = {76},
   year = {2021},
}
@article{Shur2021,
   author = {Shur, J and \textbf{M D Blackledge} and D’Arcy, J and Collins, D J and Bali, M and O’Leach, M O and Koh, D M},
   issue = {1},
   journal = {European Radiology Experimental},
   pages = {1-11},
   publisher = {Springer Science and Business Media Deutschland GmbH},
   title = {MRI texture feature repeatability and image acquisition factor robustness, a phantom study and in silico study},
   volume = {5},
   year = {2021},
}
@article{Curcean2021,
   author = {Curcean, S and Cheng, L and Picchia, S and Tunariu, N and Collins, D J and \textbf{M D Blackledge} and Popat, S and O'Brien, M and Minchom, A and Leach, M O and Koh, D M},
   issue = {12},
   journal = {JTO Clinical and Research Reports},
   pages = {100253},
   publisher = {Elsevier},
   title = {Early Response to Chemotherapy in Malignant Pleural Mesothelioma Evaluated Using Diffusion-Weighted Magnetic Resonance Imaging: Initial Observations},
   volume = {2},
   year = {2021},
}
@article{Donners2021,
   author = {Donners, R and Yiin, R S Z and \textbf{M D Blackledge} and Koh, D M},
   issue = {1},
   journal = {Cancer Imaging},
   pages = {1-10},
   publisher = {BioMed Central Ltd},
   title = {Whole-body diffusion-weighted MRI of normal lymph nodes: prospective apparent diffusion coefficient histogram and nodal distribution analysis in a healthy cohort},
   volume = {21},
   year = {2021},
}
@article{Arthur2022,
   author = {Arthur, A and Johnston, E W and Winfield, J M and \textbf{M D Blackledge} and Jones, R L and Huang, P H and Messiou, C},
   journal = {Frontiers in Oncology},
   publisher = {Frontiers Media SA},
   title = {Virtual Biopsy in Soft Tissue Sarcoma. How Close Are We?},
   volume = {12},
   year = {2022},
}
@article{Hindocha2022_1,
   author = {Hindocha, S and Charlton, T G and Linton-Reid, K and Hunter, B and Chan, C and Ahmed, M and Robinson, E J and Orton, M R and Ahmad, S and McDonald, F and Locke, I and Power, D and \textbf{M D Blackledge} and Lee, R W and Aboagye, E O},
   journal = {eBioMedicine},
   pages = {103911},
   publisher = {Elsevier},
   title = {A comparison of machine learning methods for predicting recurrence and death after curative-intent radiotherapy for non-small cell lung cancer: Development and validation of multivariable clinical prediction models},
   volume = {77},
   year = {2022},
}
@article{Ingle2022,
   author = {Ingle, M and \textbf{M D Blackledge} and White, I and Wetscherek, A and Lalondrelle, S and Hafeez, S and Bhide, S},
   journal = {Physics and Imaging in Radiation Oncology},
   pages = {32-37},
   publisher = {Elsevier},
   title = {Quantitative analysis of diffusion weighted imaging in rectal cancer during radiotherapy using a magnetic resonance imaging integrated linear accelerator},
   volume = {23},
   year = {2022},
}
@article{Donners2022_1,
   author = {Donners, R and Figueiredo, I and Tunariu, N and \textbf{M D Blackledge} and Koh, D M and de la Maza, M D F and Chandran, K and De Bono, J S and Fotiadis, N},
   issue = {7},
   journal = {European Radiology},
   pages = {4647-4656},
   publisher = {Springer Science and Business Media Deutschland GmbH},
   title = {Multiparametric bone MRI can improve CT-guided bone biopsy target selection in cancer patients and increase diagnostic yield and feasibility of next-generation tumour sequencing},
   volume = {32},
   year = {2022},
}
@article{Knill2022,
   author = {Knill, A K and \textbf{M D Blackledge} and Curcean, A and Larkin, J and Turajlic, S and Riddell, A and Koh, D M and Messiou, C and Winfield, J M},
   issue = {2},
   journal = {European Radiology},
   pages = {863-871},
   publisher = {Springer Science and Business Media Deutschland GmbH},
   title = {Optimisation of b-values for the accurate estimation of the apparent diffusion coefficient (ADC) in whole-body diffusion-weighted MRI in patients with metastatic melanoma},
   volume = {33},
   year = {2022},
}
@article{Donners2022,
   author = {Donners, R and Fotiadis, N and Figueiredo, I and \textbf{M D Blackledge} and Westaby, D and Guo, C and de la Maza, M D F and Koh, D M and Tunariu, N},
   issue = {10},
   journal = {European Radiology},
   pages = {6820-6829},
   publisher = {Springer Science and Business Media Deutschland GmbH},
   title = {Optimising CT-guided biopsies of sclerotic bone lesions in cancer patients},
   volume = {32},
   year = {2022},
}
@article{petridis2022,
   author = {Zormpas-Petridis, K and Tunariu, N and Collins, D J and Messiou, C and Koh, D M and \textbf{M D Blackledge}},
   journal = {Computers in Biology and Medicine},
   pages = {106091},
   publisher = {Pergamon},
   title = {Deep-learned estimation of uncertainty in measurements of apparent diffusion coefficient from whole-body diffusion-weighted MRI},
   volume = {149},
   year = {2022},
}
@article{Hindocha2022,
   author = {Hindocha, S and Charlton, T G and Linton-Reid, K and Hunter, B and Chan, C and Ahmed, M and Greenlay, E J and Orton, M R and Bunce, C and Lunn, J and Doran, S J and Ahmad, S and McDonald, F and Locke, I and Power, D and \textbf{M D Blackledge} and Lee, R W and Aboagye, E O},
   issue = {1},
   journal = {NPJ Precision Oncology},
   pages = {1-11},
   publisher = {Nature Publishing Group},
   title = {Gross tumour volume radiomics for prognostication of recurrence and death following radical radiotherapy for NSCLC},
   volume = {6},
   year = {2022},
}
@article{Rata2022,
   author = {Rata, M and \textbf{M D Blackledge} and Scurr, E and Winfield, J M and Koh, D M and Dragan, A and Candito, A and King, A and Rennie, W and Gaba, S and Suresh, P and Malcolm, P and Davis, A and Nilak, A and Shah, A and Gandhi, S and Albrizio, M and Drury, A and Roberts, S and Jenner, M and Brown, S and Kaiser, M F and Messiou, C},
   issue = {1},
   journal = {Insights into Imaging},
   publisher = {Springer Science and Business Media Deutschland GmbH},
   title = {Implementation of Whole-Body MRI (MY-RADS) within the OPTIMUM/MUKnine multi-centre clinical trial for patients with myeloma},
   volume = {13},
   year = {2022},
}
@article{Hunter2022,
   author = {Hunter, B and Chen, M and Ratnakumar, P and Alemu, E and Logan, A and Linton-Reid, K and Tong, D and Senthivel, N and Bhamani, A and Bloch, S and Kemp, S V and Boddy, L and Jain, S and Gareeboo, S and Rawal, B and Doran, S J and Navani, N and Nair, A and Bunce, C and Kaye, S and \textbf{M D Blackledge} and Aboagye, E O and Devaraj, A and Lee, R W},
   journal = {eBioMedicine},
   publisher = {Elsevier B.V.},
   title = {A radiomics-based decision support tool improves lung cancer diagnosis in combination with the Herder score in large lung nodules},
   volume = {86},
   year = {2022},
}
@article{Thrussell2022,
   author = {Thrussell, I and Winfield, J M and Orton, M R and Miah, A B and Zaidi, S H and Arthur, A and Thway, K and Strauss, D C and Collins, D J and Koh, D M and Oelfke, U and Huang, P H and O’Connor, J P B and Messiou, C and \textbf{M D Blackledge}},
   journal = {Frontiers in Oncology},
   publisher = {Frontiers Media S.A.},
   title = {Radiomic Features From Diffusion-Weighted MRI of Retroperitoneal Soft-Tissue Sarcomas Are Repeatable and Exhibit Change After Radiotherapy},
   volume = {12},
   year = {2022},
}

