@misc{quickDWI,
	Author = {\textbf{M D Blackledge} and Zormpas-Petridis, K},
	Title = {US Patent App. 17/633,849, 2022: {Diffusion-Weighted Magnetic Resonance Imaging}},
	Year = {2022}}

@misc{niceDWI,
	Author = {\textbf{M D Blackledge} and Collins, D J and Leach, M O},
	Title = {US Patent 10,885,679, 2021: {M}ethod for producing a weighted magnetic resonance image},
	Year = {2021}}