@article{kalantar2023deep,
  title={Deep Learning Framework with Multi-Head Dilated Encoders for Enhanced Segmentation of Cervical Cancer on Multiparametric Magnetic Resonance Imaging},
  author={Kalantar, R and Curcean, S and Winfield, J M and Lin, G and Messiou, C and \textbf{Blackledge, M D} and Koh, D M},
  journal={arXiv preprint arXiv:2306.11137},
  year={2023}
}